00580cas a22002291a 4500
001 999308423502836
003 Nz
005 20190705115104.0
008 040108d19801980nz  r ne      0   a0eng d
035    $a (NLNZils)930842
035    $a (Nz)8173679
035    $a (NLNZils)930842-ilsdb
035    $a (OCoLC)173422184
040    $a WN $c WN
042    $a nznb
043    $a u-nz---
245 00 $a Newspower.
260    $a [Huntly, N.Z. : $b s.n., $c 1980]
310    $a Weekly
362 0  $a 1980 Jun.27-1980 Dec.18
651  0 $a Huntly (N.Z.) $v Newspapers.
655  7 $a New Zealand newspapers. $2 local $5 Nz
